@book{EPUB3bp,
	author = "Garrish, Matt and Gylling, Markus",
	title = "EPUB 3 Best Practices",
	year = "2013",
	isbn = "1449329144, 9781449329143",
	publisher="O'Reilly",
}

@book{WhatIsEpub3,
	author = "Garrish, Matt",
	title = "What is EPUB 3?",
	year = "2011",
	isbn = "9781449314545",
	publisher="O'Reilly",
}

@misc{daisyAccessibility,
	author = "\relax DAISY Consortium",
	title = "Baseline for Accessible EPUB3",
	note = "www.daisy.org/baseline, visited on 29.01.2018",
}


@misc{daisyAZARDI,
	author = "\relax DAISY Consortium",
	title = "AZARDI: EPUB reader for Windows ",
	note = "http://www.daisy.org/daisypedia/azardi-epub-reader-windows, visited on 25.03.2018",
}

@misc{wasIstDaisy,
	author = "Deutsche Zentralb{ü}cherei f{ü}r Blinde (German Central Library for the Blind)",
	title = "Was ist DAISY? (What is DAISY?)",
	note = "https://www.dzb.de/index.php?site_id=7.8, visited on 09.03.2018",
}

@misc{EPUBprograms,
	author = "\relax DAISY Consortium",
	title = "\relax Tools for creating EPUB 3 files",
	note = "http://www.daisy.org/daisypedia/tools-creating-epub-3-files, visited on 29.01.2018",
}


@misc{Sigil,
	author = "Strahinja Markovi{ć} and John Schember and Kevin Hendricks and Doug Massay",
	title = "Sigil is a multi-platform EPUB ebook editor ",
	note = "https://sigil-ebook.com/, visited on 29.01.2018",
}

@misc{EPUBspecs,
	author = "IDPF",
	title = "EPUB 3 Specification",
	note = "http://www.idpf.org/epub/301/spec/epub-overview.html, visited on 29.01.2018",
}

@misc{EPUB31specs,
	author = "IDPF",
	title = "EPUB 3.1 Specification",
	note = "http://www.idpf.org/epub/31/spec/epub-spec.html, visited on 25.03.2018",
}

@misc{EPUB30changes,
	author = "IDPF",
	title = "EPUB 3 Changes from EPUB 2.0.1",
	note = "http://www.idpf.org/epub/30/spec/epub30-changes.html, visited on 29.01.2018",
}

@misc{EPUB31changes,
	author = "IDPF",
	title = "EPUB 3.1 Changes from EPUB 3.0.1",
	note = "http://www.idpf.org/epub/31/spec/epub-changes.html, visited on 09.03.2018",
}

@misc{pdfBarrierefrei,
	author = "University of Hagen",
	title = "PDF- und Word Dokumente barrierefrei umsetzen (Making accessible PDFs and word documents)",
	note = "https://www.fernuni-hagen.de/barrierefrei/pdf_word.shtml, visited on 09.03.2018",
}

@misc{augenbitWiki,
	author = "Verband f{ü}r Blinden- und Sehbehindertenp{ä}dagogik e. V. (VBS) (Association for teaching for blind and visually impaired students)",	
	title = "Augenbit Wiki", 
	note = "http://www.augenbit.de/wiki/index.php?title=Hauptseite, visited on  09.03.2018",
}

@misc{OPSspecs,
	author = "IDPF",
	title = "Open Publication Structure (OPS) 2.0.1 v1.0.1 Recommended Specification",
	note = "http://www.idpf.org/epub/20/spec/OPS_2.0.1_draft.htm, visited on 09.03.2018",
}


@misc{EPUBzone,
	author = "IDPF",
	title = "Understanding EPUB 3",
	note = "http://epubzone.org/epub-3-overview/understanding-epub-3, visited on 29.01.2018",
}

@misc{WCAG,
	author = "W3C",
	title = "Web Content Accessibility Guidelines (WCAG) 2.0",
	note = "https://www.w3.org/TR/WCAG20/, visited on 29.01.2018",
}

@misc{webaim,
	author = "\relax WebAIM (Web Accessibility in Mind)",
	title = "World Laws: Introduction to Laws Throughout the World",
	note = "https://webaim.org/articles/laws/world/, visited on 30.01.2018",
}

@InProceedings{enrichEPUB,
	author="Bartalesi, Valentina
	and Leporini, Barbara",
	editor="Antona, Margherita
	and Stephanidis, Constantine",
	title="An Enriched ePub eBook for Screen Reader Users",
	booktitle="Universal Access in Human-Computer Interaction.   Access to Today's Technologies",
	year="2015",
	publisher="Springer International Publishing",
	address="Cham",
	pages="375--386",
	isbn="978-3-319-20678-3"
}




@InProceedings{book4all,
	author="Calabr{\`o}, Antonello
	and Contini, Elia
	and Leporini, Barbara",
	editor="Holzinger, Andreas
	and Miesenberger, Klaus",
	title="Book4All: A Tool to Make an e-Book More Accessible to Students with Vision/Visual-Impairments",
	booktitle="HCI and Usability for e-Inclusion",
	year="2009",
	publisher="Springer Berlin Heidelberg",
	address="Berlin, Heidelberg",
	pages="236--248",
	isbn="978-3-642-10308-7"
}

@InProceedings{unified,
	author="Takaira, Takuya
	and Tani, Yoshiaki
	and Fujiyoshi, Akio",
	editor="Miesenberger, Klaus
	and B{\"u}hler, Christian
	and Penaz, Petr",
	title="Development of a Unified Production System for Various Types of Accessible Textbooks",
	booktitle="Computers Helping People with Special Needs",
	year="2016",
	publisher="Springer International Publishing",
	address="Cham",
	pages="381--388",
	isbn="978-3-319-41264-1"
}

@InProceedings{voiceover,
	author="Bartalesi Lenzi, Valentina
	and Leporini, Barbara",
	editor="Holzinger, Andreas
	and Ziefle, Martina
	and Hitz, Martin
	and Debevc, Matja{\v{z}}",
	title="Investigating an Accessible and Usable ePub Book via VoiceOver: A Case Study",
	booktitle="Human Factors in Computing and Informatics",
	year="2013",
	publisher="Springer Berlin Heidelberg",
	address="Berlin, Heidelberg",
	pages="272--283",
	isbn="978-3-642-39062-3"
}


@InProceedings{markdownSyntax,
	author="Voegler, Jens
	and Bornschein, Jens
	and Weber, Gerhard",
	editor="Miesenberger, Klaus
	and Fels, Deborah
	and Archambault, Dominique
	and Pe{\v{n}}{\'a}z, Petr
	and Zagler, Wolfgang",
	title="Markdown -- A Simple Syntax for Transcription of Accessible Study Materials",
	booktitle="Computers Helping People with Special Needs",
	year="2014",
	publisher="Springer International Publishing",
	address="Cham",
	pages="545--548",
	isbn="978-3-319-08596-8"
}

@misc{Markdown,
	author = "John Gruber",
	title = "Markdown",
	note = "https://daringfireball.net/projects/markdown/, visited on 08.03.2018",
}

@misc{Pandoc,
	author = "John MacFarlane",
	title = "Pandoc document converter",
	note = "http://pandoc.org/, visited on 08.03.2018",
}

@misc{cssSelectors,
	author = "W3Schools",
	title = "CSS Selectors Reference",
	note = "https://www.w3schools.com/cssref/css_selectors.asp, visited on 15.03.2018",
}

@misc{dublinCore,
	author = "Dublin Core Metadata Initiative",
	title = "About the Dublin Core Metadata Initiative",
	note = "http://dublincore.org/about/, visited on 23.03.2018",
}

@misc{pdfua,
	author = "PDF Association",
	title = "PDF/UA: The ISO standard for universal accessibility",
	note = "https://www.pdfa.org/pdfua-the-iso-standard-for-universal-accessibility/, visited on 23.03.2018",
}

@misc{szs,
	author        = {Thorsten Schwarz},
	title         = {Lecture notes in Accessibility - Assistive Technology for Visually Impaired Persons},
	year          = {2017},
	publisher={Study Centre for the Visually\textit{} Impaired, Karlsruhe Institute of Technology}
}

@misc{mathMLrec,
	author = "W3C",
	title = "MathML Fundamentals ",
	note = "https://www.w3.org/TR/MathML2/chapter2.html, visited on 23.03.2018",
}
