@book{EPUB3bp,
	author = {Garrish, Matt and Gylling, Markus},
	title = {EPUB 3 Best Practices},
	year = {2013},
	isbn = {1449329144, 9781449329143},
	publisher={O'Reilly Media, Incorporated},
}

